
@article{eckel2009,
	title = {Risk loving after the storm: A Bayesian-Network study of Hurricane Katrina evacuees},
	author = {Eckel, Catherine C. and El-Gamal, Mahmoud A. and Wilson, Rick K.},
	year = {2009},
	month = {02},
	date = {2009-02},
	journal = {Journal of Economic Behavior & Organization},
	pages = {110--124},
	volume = {69},
	number = {2},
	doi = {10.1016/j.jebo.2007.08.012},
	url = {https://linkinghub.elsevier.com/retrieve/pii/S0167268108001741},
	langid = {en}
}

@article{voors2012,
	title = {Violent Conflict and Behavior: A Field Experiment in Burundi},
	author = {Voors, Maarten J and Nillesen, Eleonora E. M and Verwimp, Philip and Bulte, Erwin H and Lensink, Robert and Soest, Daan P. Van},
	year = {2012},
	month = {04},
	date = {2012-04-01},
	journal = {American Economic Review},
	pages = {941--964},
	volume = {102},
	number = {2},
	doi = {10.1257/aer.102.2.941},
	url = {https://pubs.aeaweb.org/doi/10.1257/aer.102.2.941},
	langid = {en}
}

@article{cassar2017,
	title = {Trust, Risk, and Time Preferences After a Natural Disaster: Experimental Evidence from Thailand},
	author = {Cassar, Alessandra and Healy, Andrew and Von Kessler, Carl},
	year = {2017},
	month = {06},
	date = {2017-06},
	journal = {World Development},
	pages = {90--105},
	volume = {94},
	doi = {10.1016/j.worlddev.2016.12.042},
	url = {https://linkinghub.elsevier.com/retrieve/pii/S0305750X16305940},
	langid = {en}
}

@article{ware1996,
	title = {A 12-Item Short-Form Health Survey: Construction of Scales and Preliminary Tests of Reliability and Validity},
	author = {Ware, John E. and Kosinski, Mark and Keller, Susan D.},
	year = {1996},
	date = {1996},
	journal = {Medical Care},
	pages = {220--233},
	volume = {34},
	number = {3},
	url = {http://www.jstor.org/stable/3766749},
	langid = {en}
}

@article{ruggeri2022,
	title = {The globalizability of temporal discounting},
	author = {Ruggeri, Kai and Panin, Amma and Vdovic, Milica and {Ve{\'{c}}kalov}, Bojana and Abdul-Salaam, Nazeer and Achterberg, Jascha and Akil, Carla and Amatya, Jolly and Amatya, Kanchan and Andersen, Thomas Lind and Aquino, Sibele D. and Arunasalam, Arjoon and Ashcroft-Jones, Sarah and Askelund, Adrian Dahl and Ayacaxli, {Nélida} and Sheshdeh, Aseman Bagheri and Bailey, Alexander and Barea Arroyo, Paula and {Mejía}, Genaro Basulto and Benvenuti, Martina and Berge, Mari Louise and Bermaganbet, Aliya and Bibilouri, Katherine and {Bjørndal}, Ludvig Daae and Black, Sabrina and Lyshol, Johanna K. Blomster and Brik, Tymofii and Buabang, Eike Kofi and Burghart, Matthias and {Bursal{\i}o{\u{g}}lu}, {Asl{\i}} and Buzayu, Naos Mesfin and {{\v{C}}adek}, Martin and de Carvalho, Nathalia Melo and Cazan, Ana-Maria and {Çetinçelik}, Melis and Chai, Valentino E. and Chen, Patricia and Chen, Shiyi and Clay, Georgia and {D{\textquoteright}Ambrogio}, Simone and {Damnjanovi{\'{c}}}, Kaja and Duffy, Grace and Dugue, Tatianna and Dwarkanath, Twinkle and Envuladu, Esther Awazzi and Erceg, Nikola and Esteban-Serna, Celia and Farahat, Eman and Farrokhnia, R. A. and Fawad, Mareyba and Fedryansyah, Muhammad and Feng, David and Filippi, Silvia and {Fonollá}, {Matías A.} and Freichel, {René} and Freira, Lucia and Friedemann, Maja and Gao, Ziwei and Ge, Suwen and Geiger, Sandra J. and George, Leya and Grabovski, Iulia and Gracheva, Aleksandra and Gracheva, Anastasia and Hajian, Ali and Hasan, Nida and Hecht, Marlene and Hong, Xinyi and {Hubená}, Barbora and Ikonomeas, Alexander Gustav Fredriksen and {Ili{\'{c}}}, Sandra and Izydorczyk, David and Jakob, Lea and Janssens, Margo and Jarke, Hannes and {Kácha}, {Ond{\v{r}}ej} and Kalinova, Kalina Nikolova and Kapingura, Forget Mingiri and Karakasheva, Ralitsa and Kasdan, David Oliver and Kemel, Emmanuel and Khorrami, Peggah and Krawiec, Jakub M. and Lagidze, Nato and {Lazarevi{\'{c}}}, Aleksandra and {Lazi{\'{c}}}, Aleksandra and Lee, Hyung Seo and Lep, {{\v{Z}}an} and Lins, Samuel and Lofthus, {Ingvild Sandø} and Macchia, {Lucía} and Mamede, {Salomé} and Mamo, Metasebiya Ayele and Maratkyzy, Laura and Mareva, Silvana and Marwaha, Shivika and McGill, Lucy and McParland, Sharon and Melnic, {Anișoara} and Meyer, Sebastian A. and Mizak, Szymon and Mohammed, Amina and Mukhyshbayeva, Aizhan and Navajas, Joaquin and Neshevska, Dragana and Niazi, Shehrbano Jamali and Nieves, Ana Elsa Nieto and Nippold, Franziska and Oberschulte, Julia and Otto, Thiago and Pae, Riinu and Panchelieva, Tsvetelina and Park, Sun Young and Pascu, Daria Stefania and {Pavlovi{\'{c}}}, Irena and {Petrovi{\'{c}}}, Marija B. and {Popovi{\'{c}}}, Dora and Prinz, Gerhard M. and Rachev, Nikolay R. and Ranc, Pika and Razum, Josip and Rho, Christina Eun and Riitsalu, Leonore and Rocca, Federica and Rosenbaum, R. Shayna and Rujimora, James and Rusyidi, Binahayati and Rutherford, Charlotte and Said, Rand and Sanguino, {Inés} and Sarikaya, Ahmet Kerem and Say, Nicolas and Schuck, Jakob and Shiels, Mary and Shir, Yarden and Sievert, Elisabeth D. C. and Soboleva, Irina and Solomonia, Tina and Soni, Siddhant and Soysal, Irem and Stablum, Federica and {Sundström}, Felicia T. A. and Tang, Xintong and Tavera, Felice and Taylor, Jacqueline and Tebbe, Anna-Lena and Thommesen, Katrine Krabbe and Tobias-Webb, Juliette and Todsen, Anna Louise and Toscano, Filippo and Tran, Tran and Trinh, Jason and Turati, Alice and Ueda, Kohei and Vacondio, Martina and Vakhitov, Volodymyr and Valencia, Adrianna J. and Van Reyn, Chiara and Venema, Tina A. G. and Verra, Sanne E. and Vintr, {Jáchym} and Vranka, Marek A. and Wagner, Lisa and Wu, Xue and Xing, Ke Ying and Xu, Kailin and Xu, Sonya and Yamada, Yuki and Yosifova, Aleksandra and Zupan, Zorana and {García-Garzon}, Eduardo},
	year = {2022},
	month = {10},
	date = {2022-10},
	journal = {Nature Human Behaviour},
	pages = {1386--1397},
	volume = {6},
	number = {10},
	doi = {10.1038/s41562-022-01392-w},
	url = {https://www.nature.com/articles/s41562-022-01392-w},
	note = {Number: 10
Publisher: Nature Publishing Group},
	langid = {en}
}

@article{consumerfinancialprotectionbureau2017,
	title = {Financial Well-Being Scale. Development technical report},
	author = {Consumer Financial Protection Bureau, },
	year = {2017},
	date = {2017},
	doi = {https:// www.consumerfinance.gov/data-research/research-reports/ financial-well-being-technical-report/}
}

@article{cesur2013,
	title = {The psychological costs of war: Military combat and mental health},
	author = {Cesur, Resul and Sabia, Joseph J. and Tekin, Erdal},
	year = {2013},
	month = {01},
	date = {2013-01},
	journal = {Journal of Health Economics},
	pages = {51--65},
	volume = {32},
	number = {1},
	doi = {10.1016/j.jhealeco.2012.09.001},
	url = {https://linkinghub.elsevier.com/retrieve/pii/S0167629612001178},
	langid = {en}
}

@article{miller2010,
	title = {War exposure, daily stressors, and mental health in conflict and post-conflict settings: Bridging the divide between trauma-focused and psychosocial frameworks},
	author = {Miller, Kenneth E. and Rasmussen, Andrew},
	year = {2010},
	month = {01},
	date = {2010-01},
	journal = {Social Science & Medicine},
	pages = {7--16},
	volume = {70},
	number = {1},
	doi = {10.1016/j.socscimed.2009.09.029},
	url = {https://linkinghub.elsevier.com/retrieve/pii/S0277953609006200},
	langid = {en}
}

@article{fleeing,
	title = {Fleeing Ukraine: Displaced people{\textquoteright}s experiences in the EU},
	langid = {en}
}

@misc{pres-rel,
	title = {Прес-релізи та звіти - Динаміка самооцінки матеріального становища родини після російського вторгнення: лютий 2022 року {\textendash} травень 2023 року},
	url = {https://kiis.com.ua/?lang=ukr&cat=reports&id=1256&page=1}
}

@misc{pravoviy,
	title = {Правовий захист постраждалих від воєнних злочинів росії (23-26 грудня 2022)},
	url = {http://ratinggroup.ua/research/ukraine/pravoviy_zahist_postrazhdalih_v_d_vo_nnih_zlochin_v_ros_23-26_grudnya_2022.html?fbclid=IwAR02qqn1w4sou_EQ-KUc9vCpU9ejW3hnkLhaTN1aKdJC6wdSng1tj3JKAp0},
	langid = {en}
}
